% use `texdoc biblatex` to get help
@www{zjuthesisrules,
    title = {浙江大学本科生毕业论文（设计）编写规则},
    author = {浙江大学本科生院},
    year = {2018},
    url = {http://bksy.zju.edu.cn/attachments/2018-01/01-1517384518-1149149.pdf},
}
@www{tikz,
    title = {tikz宏包},
    author = {Till Tantau},
    year = {2018},
    url = {https://sourceforge.net/projects/pgf/},
}
@www{zjuthesis,
    title = {浙江大学毕业设计/论文模板},
    author = {王子轩},
    year = {2019},
    url = {https://github.com/TheNetAdmin/zjuthesis},
}
@www{zjugradthesisrules,
    title = {浙江大学研究生学位论文编写规则},
    author = {浙江大学研究生院},
    year = {2008},
    url = {http://grs.zju.edu.cn/redir.php?catalog_id=10038&object_id=12877},
}
@article{carpentier2016center,
  title={Center-of-mass estimation for a polyarticulated system in contact—a spectral approach},
  author={Carpentier, Justin and Benallegue, Mehdi and Mansard, Nicolas and Laumond, Jean-Paul},
  journal={IEEE Transactions on Robotics},
  volume={32},
  number={4},
  pages={810--822},
  year={2016},
  publisher={IEEE}
}
@article{vukobratovic1972contribution,
  title={Contribution to the study of anthropomorphic systems},
  author={Vukobratovi{\'c}, Miomir K},
  journal={Kybernetika},
  volume={8},
  number={5},
  pages={404--418},
  year={1972},
  publisher={Institute of Information Theory and Automation AS CR}
}
@article{orin2013centroidal,
  title={Centroidal dynamics of a humanoid robot},
  author={Orin, David E and Goswami, Ambarish and Lee, Sung-Hee},
  journal={Autonomous robots},
  volume={35},
  number={2},
  pages={161--176},
  year={2013},
  publisher={Springer}
}
@inproceedings{wieber2002stability,
  title={On the stability of walking systems},
  author={Wieber, Pierre-Brice},
  booktitle={Proceedings of the international workshop on humanoid and human friendly robotics},
  year={2002}
}
@incollection{pratt2006velocity,
  title={Velocity-based stability margins for fast bipedal walking},
  author={Pratt, Jerry E and Tedrake, Russ},
  booktitle={Fast motions in biomechanics and robotics},
  pages={299--324},
  year={2006},
  publisher={Springer}
}
@incollection{wieber2016modeling,
  title={Modeling and control of legged robots},
  author={Wieber, Pierre-Brice and Tedrake, Russ and Kuindersma, Scott},
  booktitle={Springer handbook of robotics},
  pages={1203--1234},
  year={2016},
  publisher={Springer}
}
@article{escande2013planning,
  title={Planning contact points for humanoid robots},
  author={Escande, Adrien and Kheddar, Abderrahmane and Miossec, Sylvain},
  journal={Robotics and Autonomous Systems},
  volume={61},
  number={5},
  pages={428--442},
  year={2013},
  publisher={Elsevier}
}
@inproceedings{feng2016robust,
  title={Robust dynamic walking using online foot step optimization},
  author={Feng, Siyuan and Xinjilefu, X and Atkeson, Christopher G and Kim, Joohyung},
  booktitle={2016 IEEE/RSJ International Conference on Intelligent Robots and Systems (IROS)},
  pages={5373--5378},
  year={2016},
  organization={IEEE}
}
@inproceedings{wieber2006trajectory,
  title={Trajectory free linear model predictive control for stable walking in the presence of strong perturbations},
  author={Wieber, Pierre-Brice},
  booktitle={2006 6th IEEE-RAS International Conference on Humanoid Robots},
  pages={137--142},
  year={2006},
  organization={IEEE}
}